@book{demo,
  author = {Santa Claus},
  title = {Nombre del libro},
  year = 1999,
  publisher = {Editorial},
  address = {Polo Norte}
}