%------------------------------------------------------------------------------------------------------
% Online resources zone
%------------------------------------------------------------------------------------------------------
@misc{networkx,
  title = {{Networkx 2.2 tutotial} How to use networkx pyhton package},
  howpublished = {\url{https://networkx.github.io/documentation/stable/tutorial.html}},
  note = {Accessed: 2019-02-05}
}

@misc{matplotlib,
  title = {{Matplotlib - Pyplot tutorial} An introduction to the pyplot interface.},
  howpublished = {\url{https://matplotlib.org/tutorials/introductory/pyplot.html#sphx-glr-tutorials-introductory-pyplot-py}},
  note = {Accessed: 2019-02-01}
}

@misc{bibtext,
OPTauthor = {Guro Bu, Geir Engen, Lubomir Mihailov, Stein Strindhaug,  Zian Cho},
OPTtitle = {Bib-it A BibTEX manager},
OPThowpublished = {\url{http://bib-it.sourceforge.net/help/fieldsAndEntryTypes.php}},
OPTmonth = {February},
OPTyear = {2008},
OPTnote = {Accessed: 2019-02-01}
}

%------------------------------------------------------------------------------------------------------
% Articles zone
%------------------------------------------------------------------------------------------------------

@article{socialnet,
author = {Chakraborty, Anwesha and Dutta, Trina and Mondal, Sushmita and Nath, Asoke},
year = {2018},
month = {10},
pages = {722-729},
title = {Application of Graph Theory in Social Media},
volume = {6},
journal = {INTERNATIONAL JOURNAL OF COMPUTER SCIENCES AND ENGINEERING},
doi = {10.26438/ijcse/v6i10.722729}
}

%------------------------------------------------------------------------------------------------------
% Books zone
%------------------------------------------------------------------------------------------------------
@Book{complexity,
ALTauthor = {Allen B. Downey},
title = {Think Complexity},
publisher = {Green Tea Press},
year = {2016},
chapter = {2},
OPTaddress = {9 Washburn Ave Needham, Massachusetts},
OPTedition = {Second Edition}
}

