@misc{pandas,
title = {Python Data Analysis Library},
year = {2018)},
howpublished = {url{https://pandas.pydata.org}},
note = {Accedido 18-3-2019}
}

@misc{anova,
title = {Python for Data Science},
howpublished = {https://pythonfordatascience.org/anova-python/}},
note = {Accedido 18-3-2019}
}

@misc{networkx,
title = {NetworkX},
howpublished = {https://networkx.github.io/documentation/stable/reference/algorithms/}},
note = {Accedido 18-3-2019}
}


