
@book{bondy1976graph,
  title={Graph theory with applications},
  author={Bondy, John Adrian and Murty, Uppaluri Siva Ramachandra y otros},
  volume={290},
  year={1976},
  publisher={Citeseer}
}

@book{ahuja2017network,
  title={Network flows: theory, algorithms, and applications},
  author={Ahuja, Ravindra K},
  year={2017},
  publisher={Pearson Education}
}

@article{chung2010graph,
  title={Graph theory in the information age},
  author={Chung, Fan},
  journal={Notices of the AMS},
  volume={57},
  number={6},
  pages={726--732},
  year={2010}
}

@article{amador,
  title={Una breve introducci\'on a la teor\'ia de grafos},
  author={Men\'endez Vel\'azquez,Amador},
  journal={Suma},
  volume={28},
  pages={11-26},
  year={1998}
}
@article{gonzalez2016potencial,
  title={Potencial El{\'e}ctrico en el Coraz{\'o}n: Representaci{\'o}n Mediante un Grafo},
  author={Gonz{\'a}lez-Cervantes, Natalia y Espinoza-Valdez, Aurora y Salido-Ruiz, Ricardo},
  journal={ReCIBE},
  volume={5},
  number={3},
  year={2016}
}

@article{fruchterman1991graph,
  title={Graph drawing by force-directed placement},
  author={Fruchterman, Thomas MJ y Reingold, Edward M},
  journal={Software: Practice and experience},
  volume={21},
  number={11},
  pages={1129--1164},
  year={1991},
  publisher={Wiley Online Library}
}

@article{kamada1989algorithm,
  title={An algorithm for drawing general y otros},
  journal={Information processing letters},
  volume={31},
  number={1},
  pages={7--15},
  year={1989},
  publisher={Citeseer}
}